%YAML 1.1
%TAG !u! tag:unity3d.com,2011:
--- !u!29 &1
OcclusionCullingSettings:
  m_ObjectHideFlags: 0
  serializedVersion: 2
  m_OcclusionBakeSettings:
    smallestOccluder: 5
    smallestHole: 0.25
    backfaceThreshold: 100
  m_SceneGUID: 00000000000000000000000000000000
  m_OcclusionCullingData: {fileID: 0}
--- !u!104 &2
RenderSettings:
  m_ObjectHideFlags: 0
  serializedVersion: 8
  m_Fog: 0
  m_FogColor: {r: 0.5, g: 0.5, b: 0.5, a: 1}
  m_FogMode: 3
  m_FogDensity: 0.01
  m_LinearFogStart: 0
  m_LinearFogEnd: 300
  m_AmbientSkyColor: {r: 0.212, g: 0.227, b: 0.259, a: 1}
  m_AmbientEquatorColor: {r: 0.114, g: 0.125, b: 0.133, a: 1}
  m_AmbientGroundColor: {r: 0.047, g: 0.043, b: 0.035, a: 1}
  m_AmbientIntensity: 1
  m_AmbientMode: 3
  m_SubtractiveShadowColor: {r: 0.42, g: 0.478, b: 0.627, a: 1}
  m_SkyboxMaterial: {fileID: 0}
  m_HaloStrength: 0.5
  m_FlareStrength: 1
  m_FlareFadeSpeed: 3
  m_HaloTexture: {fileID: 0}
  m_SpotCookie: {fileID: 10001, guid: 0000000000000000e000000000000000, type: 0}
  m_DefaultReflectionMode: 0
  m_DefaultReflectionResolution: 128
  m_ReflectionBounces: 1
  m_ReflectionIntensity: 1
  m_CustomReflection: {fileID: 0}
  m_Sun: {fileID: 0}
  m_IndirectSpecularColor: {r: 0, g: 0, b: 0, a: 1}
--- !u!157 &3
LightmapSettings:
  m_ObjectHideFlags: 0
  serializedVersion: 11
  m_GIWorkflowMode: 1
  m_GISettings:
    serializedVersion: 2
    m_BounceScale: 1
    m_IndirectOutputScale: 1
    m_AlbedoBoost: 1
    m_TemporalCoherenceThreshold: 1
    m_EnvironmentLightingMode: 0
    m_EnableBakedLightmaps: 0
    m_EnableRealtimeLightmaps: 0
  m_LightmapEditorSettings:
    serializedVersion: 9
    m_Resolution: 2
    m_BakeResolution: 40
    m_TextureWidth: 1024
    m_TextureHeight: 1024
    m_AO: 0
    m_AOMaxDistance: 1
    m_CompAOExponent: 1
    m_CompAOExponentDirect: 0
    m_Padding: 2
    m_LightmapParameters: {fileID: 0}
    m_LightmapsBakeMode: 1
    m_TextureCompression: 1
    m_FinalGather: 0
    m_FinalGatherFiltering: 1
    m_FinalGatherRayCount: 256
    m_ReflectionCompression: 2
    m_MixedBakeMode: 2
    m_BakeBackend: 0
    m_PVRSampling: 1
    m_PVRDirectSampleCount: 32
    m_PVRSampleCount: 500
    m_PVRBounces: 2
    m_PVRFilterTypeDirect: 0
    m_PVRFilterTypeIndirect: 0
    m_PVRFilterTypeAO: 0
    m_PVRFilteringMode: 1
    m_PVRCulling: 1
    m_PVRFilteringGaussRadiusDirect: 1
    m_PVRFilteringGaussRadiusIndirect: 5
    m_PVRFilteringGaussRadiusAO: 2
    m_PVRFilteringAtrousPositionSigmaDirect: 0.5
    m_PVRFilteringAtrousPositionSigmaIndirect: 2
    m_PVRFilteringAtrousPositionSigmaAO: 1
    m_ShowResolutionOverlay: 1
  m_LightingDataAsset: {fileID: 0}
  m_UseShadowmask: 1
--- !u!196 &4
NavMeshSettings:
  serializedVersion: 2
  m_ObjectHideFlags: 0
  m_BuildSettings:
    serializedVersion: 2
    agentTypeID: 0
    agentRadius: 0.5
    agentHeight: 2
    agentSlope: 45
    agentClimb: 0.4
    ledgeDropHeight: 0
    maxJumpAcrossDistance: 0
    minRegionArea: 2
    manualCellSize: 0
    cellSize: 0.16666667
    manualTileSize: 0
    tileSize: 256
    accuratePlacement: 0
    debug:
      m_Flags: 0
  m_NavMeshData: {fileID: 0}
--- !u!1 &32451850
GameObject:
  m_ObjectHideFlags: 0
  m_PrefabParentObject: {fileID: 0}
  m_PrefabInternal: {fileID: 0}
  serializedVersion: 5
  m_Component:
  - component: {fileID: 32451852}
  - component: {fileID: 32451851}
  m_Layer: 0
  m_Name: Grid
  m_TagString: Untagged
  m_Icon: {fileID: 0}
  m_NavMeshLayer: 0
  m_StaticEditorFlags: 0
  m_IsActive: 1
--- !u!156049354 &32451851
Grid:
  m_ObjectHideFlags: 0
  m_PrefabParentObject: {fileID: 0}
  m_PrefabInternal: {fileID: 0}
  m_GameObject: {fileID: 32451850}
  m_Enabled: 1
  m_CellSize: {x: 1, y: 1, z: 0}
  m_CellGap: {x: 0, y: 0, z: 0}
  m_CellLayout: 0
  m_CellSwizzle: 0
--- !u!4 &32451852
Transform:
  m_ObjectHideFlags: 0
  m_PrefabParentObject: {fileID: 0}
  m_PrefabInternal: {fileID: 0}
  m_GameObject: {fileID: 32451850}
  m_LocalRotation: {x: 0, y: 0, z: 0, w: 1}
  m_LocalPosition: {x: 0, y: 0, z: 0}
  m_LocalScale: {x: 1, y: 1, z: 1}
  m_Children:
  - {fileID: 341737066}
  m_Father: {fileID: 0}
  m_RootOrder: 4
  m_LocalEulerAnglesHint: {x: 0, y: 0, z: 0}
--- !u!1 &128510426
GameObject:
  m_ObjectHideFlags: 0
  m_PrefabParentObject: {fileID: 0}
  m_PrefabInternal: {fileID: 0}
  serializedVersion: 5
  m_Component:
  - component: {fileID: 128510429}
  - component: {fileID: 128510428}
  - component: {fileID: 128510427}
  m_Layer: 0
  m_Name: EventSystem
  m_TagString: Untagged
  m_Icon: {fileID: 0}
  m_NavMeshLayer: 0
  m_StaticEditorFlags: 0
  m_IsActive: 1
--- !u!114 &128510427
MonoBehaviour:
  m_ObjectHideFlags: 0
  m_PrefabParentObject: {fileID: 0}
  m_PrefabInternal: {fileID: 0}
  m_GameObject: {fileID: 128510426}
  m_Enabled: 1
  m_EditorHideFlags: 0
  m_Script: {fileID: 1077351063, guid: f70555f144d8491a825f0804e09c671c, type: 3}
  m_Name: 
  m_EditorClassIdentifier: 
  m_HorizontalAxis: Horizontal
  m_VerticalAxis: Vertical
  m_SubmitButton: Submit
  m_CancelButton: Cancel
  m_InputActionsPerSecond: 10
  m_RepeatDelay: 0.5
  m_ForceModuleActive: 0
--- !u!114 &128510428
MonoBehaviour:
  m_ObjectHideFlags: 0
  m_PrefabParentObject: {fileID: 0}
  m_PrefabInternal: {fileID: 0}
  m_GameObject: {fileID: 128510426}
  m_Enabled: 1
  m_EditorHideFlags: 0
  m_Script: {fileID: -619905303, guid: f70555f144d8491a825f0804e09c671c, type: 3}
  m_Name: 
  m_EditorClassIdentifier: 
  m_FirstSelected: {fileID: 0}
  m_sendNavigationEvents: 1
  m_DragThreshold: 5
--- !u!4 &128510429
Transform:
  m_ObjectHideFlags: 0
  m_PrefabParentObject: {fileID: 0}
  m_PrefabInternal: {fileID: 0}
  m_GameObject: {fileID: 128510426}
  m_LocalRotation: {x: 0, y: 0, z: 0, w: 1}
  m_LocalPosition: {x: 0, y: 0, z: 0}
  m_LocalScale: {x: 1, y: 1, z: 1}
  m_Children: []
  m_Father: {fileID: 0}
  m_RootOrder: 2
  m_LocalEulerAnglesHint: {x: 0, y: 0, z: 0}
--- !u!1 &340391388
GameObject:
  m_ObjectHideFlags: 0
  m_PrefabParentObject: {fileID: 0}
  m_PrefabInternal: {fileID: 0}
  serializedVersion: 5
  m_Component:
  - component: {fileID: 340391392}
  - component: {fileID: 340391391}
  - component: {fileID: 340391390}
  - component: {fileID: 340391389}
  m_Layer: 5
  m_Name: Canvas
  m_TagString: Untagged
  m_Icon: {fileID: 0}
  m_NavMeshLayer: 0
  m_StaticEditorFlags: 0
  m_IsActive: 1
--- !u!114 &340391389
MonoBehaviour:
  m_ObjectHideFlags: 0
  m_PrefabParentObject: {fileID: 0}
  m_PrefabInternal: {fileID: 0}
  m_GameObject: {fileID: 340391388}
  m_Enabled: 1
  m_EditorHideFlags: 0
  m_Script: {fileID: 1301386320, guid: f70555f144d8491a825f0804e09c671c, type: 3}
  m_Name: 
  m_EditorClassIdentifier: 
  m_IgnoreReversedGraphics: 1
  m_BlockingObjects: 0
  m_BlockingMask:
    serializedVersion: 2
    m_Bits: 4294967295
--- !u!114 &340391390
MonoBehaviour:
  m_ObjectHideFlags: 0
  m_PrefabParentObject: {fileID: 0}
  m_PrefabInternal: {fileID: 0}
  m_GameObject: {fileID: 340391388}
  m_Enabled: 1
  m_EditorHideFlags: 0
  m_Script: {fileID: 1980459831, guid: f70555f144d8491a825f0804e09c671c, type: 3}
  m_Name: 
  m_EditorClassIdentifier: 
  m_UiScaleMode: 0
  m_ReferencePixelsPerUnit: 100
  m_ScaleFactor: 1
  m_ReferenceResolution: {x: 800, y: 600}
  m_ScreenMatchMode: 0
  m_MatchWidthOrHeight: 0
  m_PhysicalUnit: 3
  m_FallbackScreenDPI: 96
  m_DefaultSpriteDPI: 96
  m_DynamicPixelsPerUnit: 1
--- !u!223 &340391391
Canvas:
  m_ObjectHideFlags: 0
  m_PrefabParentObject: {fileID: 0}
  m_PrefabInternal: {fileID: 0}
  m_GameObject: {fileID: 340391388}
  m_Enabled: 1
  serializedVersion: 3
  m_RenderMode: 0
  m_Camera: {fileID: 0}
  m_PlaneDistance: 100
  m_PixelPerfect: 0
  m_ReceivesEvents: 1
  m_OverrideSorting: 0
  m_OverridePixelPerfect: 0
  m_SortingBucketNormalizedSize: 0
  m_AdditionalShaderChannelsFlag: 0
  m_SortingLayerID: 0
  m_SortingOrder: 0
  m_TargetDisplay: 0
--- !u!224 &340391392
RectTransform:
  m_ObjectHideFlags: 0
  m_PrefabParentObject: {fileID: 0}
  m_PrefabInternal: {fileID: 0}
  m_GameObject: {fileID: 340391388}
  m_LocalRotation: {x: 0, y: 0, z: 0, w: 1}
  m_LocalPosition: {x: 0, y: 0, z: 0}
  m_LocalScale: {x: 0, y: 0, z: 0}
  m_Children:
  - {fileID: 356873136}
  - {fileID: 1440982769}
  m_Father: {fileID: 0}
  m_RootOrder: 1
  m_LocalEulerAnglesHint: {x: 0, y: 0, z: 0}
  m_AnchorMin: {x: 0, y: 0}
  m_AnchorMax: {x: 0, y: 0}
  m_AnchoredPosition: {x: 0, y: 0}
  m_SizeDelta: {x: 0, y: 0}
  m_Pivot: {x: 0, y: 0}
--- !u!1 &341737065
GameObject:
  m_ObjectHideFlags: 0
  m_PrefabParentObject: {fileID: 0}
  m_PrefabInternal: {fileID: 0}
  serializedVersion: 5
  m_Component:
  - component: {fileID: 341737066}
  - component: {fileID: 341737068}
  - component: {fileID: 341737067}
  m_Layer: 0
  m_Name: Tilemap
  m_TagString: Untagged
  m_Icon: {fileID: 0}
  m_NavMeshLayer: 0
  m_StaticEditorFlags: 0
  m_IsActive: 1
--- !u!4 &341737066
Transform:
  m_ObjectHideFlags: 0
  m_PrefabParentObject: {fileID: 0}
  m_PrefabInternal: {fileID: 0}
  m_GameObject: {fileID: 341737065}
  m_LocalRotation: {x: -0, y: -0, z: -0, w: 1}
  m_LocalPosition: {x: 0, y: 0, z: 0}
  m_LocalScale: {x: 1, y: 1, z: 1}
  m_Children: []
  m_Father: {fileID: 32451852}
  m_RootOrder: 0
  m_LocalEulerAnglesHint: {x: 0, y: 0, z: 0}
--- !u!483693784 &341737067
TilemapRenderer:
  m_ObjectHideFlags: 0
  m_PrefabParentObject: {fileID: 0}
  m_PrefabInternal: {fileID: 0}
  m_GameObject: {fileID: 341737065}
  m_Enabled: 1
  m_CastShadows: 0
  m_ReceiveShadows: 0
  m_DynamicOccludee: 1
  m_MotionVectors: 1
  m_LightProbeUsage: 0
  m_ReflectionProbeUsage: 0
  m_Materials:
  - {fileID: 10754, guid: 0000000000000000f000000000000000, type: 0}
  m_StaticBatchInfo:
    firstSubMesh: 0
    subMeshCount: 0
  m_StaticBatchRoot: {fileID: 0}
  m_ProbeAnchor: {fileID: 0}
  m_LightProbeVolumeOverride: {fileID: 0}
  m_ScaleInLightmap: 1
  m_PreserveUVs: 0
  m_IgnoreNormalsForChartDetection: 0
  m_ImportantGI: 0
  m_StitchLightmapSeams: 0
  m_SelectedEditorRenderState: 0
  m_MinimumChartSize: 4
  m_AutoUVMaxDistance: 0.5
  m_AutoUVMaxAngle: 89
  m_LightmapParameters: {fileID: 0}
  m_SortingLayerID: 0
  m_SortingLayer: 0
  m_SortingOrder: 0
  m_ChunkSize: {x: 32, y: 32, z: 32}
  m_MaxChunkCount: 16
  m_MaxFrameAge: 16
  m_SortOrder: 0
  m_MaskInteraction: 0
--- !u!1839735485 &341737068
Tilemap:
  m_ObjectHideFlags: 0
  m_PrefabParentObject: {fileID: 0}
  m_PrefabInternal: {fileID: 0}
  m_GameObject: {fileID: 341737065}
  m_Enabled: 1
  m_Tiles:
  - first: {x: -6, y: -2, z: 0}
    second:
      m_TileIndex: 0
      m_TileSpriteIndex: 0
      m_TileMatrixIndex: 0
      m_TileColorIndex: 0
      m_ObjectToInstantiate: {fileID: 0}
      m_TileFlags: 3
      m_ColliderType: 1
  - first: {x: -5, y: -2, z: 0}
    second:
      m_TileIndex: 0
      m_TileSpriteIndex: 0
      m_TileMatrixIndex: 0
      m_TileColorIndex: 0
      m_ObjectToInstantiate: {fileID: 0}
      m_TileFlags: 3
      m_ColliderType: 1
  - first: {x: -3, y: -2, z: 0}
    second:
      m_TileIndex: 1
      m_TileSpriteIndex: 1
      m_TileMatrixIndex: 0
      m_TileColorIndex: 1
      m_ObjectToInstantiate: {fileID: 0}
      m_TileFlags: 3
      m_ColliderType: 1
  - first: {x: 4, y: -2, z: 0}
    second:
      m_TileIndex: 0
      m_TileSpriteIndex: 0
      m_TileMatrixIndex: 0
      m_TileColorIndex: 0
      m_ObjectToInstantiate: {fileID: 0}
      m_TileFlags: 3
      m_ColliderType: 1
  - first: {x: 5, y: -2, z: 0}
    second:
      m_TileIndex: 0
      m_TileSpriteIndex: 0
      m_TileMatrixIndex: 0
      m_TileColorIndex: 0
      m_ObjectToInstantiate: {fileID: 0}
      m_TileFlags: 3
      m_ColliderType: 1
  - first: {x: 7, y: -2, z: 0}
    second:
      m_TileIndex: 1
      m_TileSpriteIndex: 1
      m_TileMatrixIndex: 0
      m_TileColorIndex: 1
      m_ObjectToInstantiate: {fileID: 0}
      m_TileFlags: 3
      m_ColliderType: 1
  - first: {x: -6, y: -1, z: 0}
    second:
      m_TileIndex: 0
      m_TileSpriteIndex: 0
      m_TileMatrixIndex: 0
      m_TileColorIndex: 0
      m_ObjectToInstantiate: {fileID: 0}
      m_TileFlags: 3
      m_ColliderType: 1
  - first: {x: -5, y: -1, z: 0}
    second:
      m_TileIndex: 2
      m_TileSpriteIndex: 2
      m_TileMatrixIndex: 0
      m_TileColorIndex: 2
      m_ObjectToInstantiate: {fileID: 0}
      m_TileFlags: 1
      m_ColliderType: 1
  - first: {x: -4, y: -1, z: 0}
    second:
      m_TileIndex: 3
      m_TileSpriteIndex: 3
      m_TileMatrixIndex: 0
      m_TileColorIndex: 3
      m_ObjectToInstantiate: {fileID: 0}
      m_TileFlags: 3
      m_ColliderType: 1
  - first: {x: -3, y: -1, z: 0}
    second:
      m_TileIndex: 1
      m_TileSpriteIndex: 1
      m_TileMatrixIndex: 0
      m_TileColorIndex: 1
      m_ObjectToInstantiate: {fileID: 0}
      m_TileFlags: 3
      m_ColliderType: 1
  - first: {x: 4, y: -1, z: 0}
    second:
      m_TileIndex: 0
      m_TileSpriteIndex: 0
      m_TileMatrixIndex: 0
      m_TileColorIndex: 0
      m_ObjectToInstantiate: {fileID: 0}
      m_TileFlags: 3
      m_ColliderType: 1
  - first: {x: 5, y: -1, z: 0}
    second:
      m_TileIndex: 2
      m_TileSpriteIndex: 2
      m_TileMatrixIndex: 0
      m_TileColorIndex: 2
      m_ObjectToInstantiate: {fileID: 0}
      m_TileFlags: 1
      m_ColliderType: 1
  - first: {x: 6, y: -1, z: 0}
    second:
      m_TileIndex: 3
      m_TileSpriteIndex: 3
      m_TileMatrixIndex: 0
      m_TileColorIndex: 3
      m_ObjectToInstantiate: {fileID: 0}
      m_TileFlags: 3
      m_ColliderType: 1
  - first: {x: 7, y: -1, z: 0}
    second:
      m_TileIndex: 1
      m_TileSpriteIndex: 1
      m_TileMatrixIndex: 0
      m_TileColorIndex: 1
      m_ObjectToInstantiate: {fileID: 0}
      m_TileFlags: 3
      m_ColliderType: 1
  - first: {x: -5, y: 0, z: 0}
    second:
      m_TileIndex: 2
      m_TileSpriteIndex: 2
      m_TileMatrixIndex: 0
      m_TileColorIndex: 2
      m_ObjectToInstantiate: {fileID: 0}
      m_TileFlags: 1
      m_ColliderType: 1
  - first: {x: -4, y: 0, z: 0}
    second:
      m_TileIndex: 3
      m_TileSpriteIndex: 3
      m_TileMatrixIndex: 0
      m_TileColorIndex: 3
      m_ObjectToInstantiate: {fileID: 0}
      m_TileFlags: 3
      m_ColliderType: 1
  - first: {x: 5, y: 0, z: 0}
    second:
      m_TileIndex: 2
      m_TileSpriteIndex: 2
      m_TileMatrixIndex: 0
      m_TileColorIndex: 2
      m_ObjectToInstantiate: {fileID: 0}
      m_TileFlags: 1
      m_ColliderType: 1
  - first: {x: 6, y: 0, z: 0}
    second:
      m_TileIndex: 3
      m_TileSpriteIndex: 3
      m_TileMatrixIndex: 0
      m_TileColorIndex: 3
      m_ObjectToInstantiate: {fileID: 0}
      m_TileFlags: 3
      m_ColliderType: 1
  - first: {x: -6, y: 2, z: 0}
    second:
      m_TileIndex: 4
      m_TileSpriteIndex: 4
      m_TileMatrixIndex: 0
      m_TileColorIndex: 4
      m_ObjectToInstantiate: {fileID: 0}
      m_TileFlags: 3
      m_ColliderType: 1
  - first: {x: 4, y: 2, z: 0}
    second:
      m_TileIndex: 4
      m_TileSpriteIndex: 4
      m_TileMatrixIndex: 0
      m_TileColorIndex: 4
      m_ObjectToInstantiate: {fileID: 0}
      m_TileFlags: 3
      m_ColliderType: 1
  - first: {x: -6, y: 3, z: 0}
    second:
      m_TileIndex: 4
      m_TileSpriteIndex: 4
      m_TileMatrixIndex: 0
      m_TileColorIndex: 4
      m_ObjectToInstantiate: {fileID: 0}
      m_TileFlags: 3
      m_ColliderType: 1
  - first: {x: 4, y: 3, z: 0}
    second:
      m_TileIndex: 4
      m_TileSpriteIndex: 4
      m_TileMatrixIndex: 0
      m_TileColorIndex: 4
      m_ObjectToInstantiate: {fileID: 0}
      m_TileFlags: 3
      m_ColliderType: 1
  m_AnimatedTiles: {}
  m_TileAssetArray:
  - m_RefCount: 6
    m_Data: {fileID: 1333328338}
  - m_RefCount: 4
    m_Data: {fileID: 1600263346}
  - m_RefCount: 4
    m_Data: {fileID: 11400000, guid: d97fc632194f95b4db626cf4598be54c, type: 2}
  - m_RefCount: 4
    m_Data: {fileID: 2095288749}
  - m_RefCount: 4
    m_Data: {fileID: 1477017281}
  m_TileSpriteArray:
  - m_RefCount: 6
    m_Data: {fileID: 1600777312}
  - m_RefCount: 4
    m_Data: {fileID: 941842491}
  - m_RefCount: 4
    m_Data: {fileID: 21300000, guid: 365056e82ab4a3f4c9878e9b0f5fe4e5, type: 3}
  - m_RefCount: 4
    m_Data: {fileID: 1088193111}
  - m_RefCount: 4
    m_Data: {fileID: 815197746}
  m_TileMatrixArray:
  - m_RefCount: 22
    m_Data:
      e00: 1
      e01: 0
      e02: 0
      e03: 0
      e10: 0
      e11: 1
      e12: 0
      e13: 0
      e20: 0
      e21: 0
      e22: 1
      e23: 0
      e30: 0
      e31: 0
      e32: 0
      e33: 1
  m_TileColorArray:
  - m_RefCount: 6
    m_Data: {r: 0.8550656, g: 0.56997764, b: 0.57676107, a: 1}
  - m_RefCount: 4
    m_Data: {r: 0.92877406, g: 0.5940433, b: 0.6208511, a: 1}
  - m_RefCount: 4
    m_Data: {r: 1, g: 1, b: 1, a: 1}
  - m_RefCount: 4
    m_Data: {r: 0.9703559, g: 0.5988986, b: 0.6276241, a: 1}
  - m_RefCount: 4
    m_Data: {r: 0.90539795, g: 0.5659794, b: 0.6302084, a: 1}
  m_AnimationFrameRate: 1
  m_Color: {r: 1, g: 1, b: 1, a: 1}
  m_Origin: {x: -6, y: -2, z: 0}
  m_Size: {x: 14, y: 6, z: 1}
  m_TileAnchor: {x: 0.5, y: 0.5, z: 0}
  m_TileOrientation: 0
  m_TileOrientationMatrix:
    e00: 1
    e01: 0
    e02: 0
    e03: 0
    e10: 0
    e11: 1
    e12: 0
    e13: 0
    e20: 0
    e21: 0
    e22: 1
    e23: 0
    e30: 0
    e31: 0
    e32: 0
    e33: 1
  m_TileRefreshArray:
  - serializedVersion: 1
    m_DirtyIndex: 0
  - serializedVersion: 1
    m_DirtyIndex: 0
  - serializedVersion: 1
    m_DirtyIndex: 0
  - serializedVersion: 1
    m_DirtyIndex: 0
  - serializedVersion: 1
    m_DirtyIndex: 0
--- !u!1 &356873135
GameObject:
  m_ObjectHideFlags: 0
  m_PrefabParentObject: {fileID: 0}
  m_PrefabInternal: {fileID: 0}
  serializedVersion: 5
  m_Component:
  - component: {fileID: 356873136}
  - component: {fileID: 356873138}
  - component: {fileID: 356873137}
  m_Layer: 5
  m_Name: Text
  m_TagString: Untagged
  m_Icon: {fileID: 0}
  m_NavMeshLayer: 0
  m_StaticEditorFlags: 0
  m_IsActive: 1
--- !u!224 &356873136
RectTransform:
  m_ObjectHideFlags: 0
  m_PrefabParentObject: {fileID: 0}
  m_PrefabInternal: {fileID: 0}
  m_GameObject: {fileID: 356873135}
  m_LocalRotation: {x: 0, y: 0, z: 0, w: 1}
  m_LocalPosition: {x: 0, y: 0, z: 0}
  m_LocalScale: {x: 1, y: 1, z: 1}
  m_Children: []
  m_Father: {fileID: 340391392}
  m_RootOrder: 0
  m_LocalEulerAnglesHint: {x: 0, y: 0, z: 0}
  m_AnchorMin: {x: 0.5, y: 0.5}
  m_AnchorMax: {x: 0.5, y: 0.5}
  m_AnchoredPosition: {x: 0, y: 150}
  m_SizeDelta: {x: 300, y: 200}
  m_Pivot: {x: 0.5, y: 0.5}
--- !u!114 &356873137
MonoBehaviour:
  m_ObjectHideFlags: 0
  m_PrefabParentObject: {fileID: 0}
  m_PrefabInternal: {fileID: 0}
  m_GameObject: {fileID: 356873135}
  m_Enabled: 1
  m_EditorHideFlags: 0
  m_Script: {fileID: 708705254, guid: f70555f144d8491a825f0804e09c671c, type: 3}
  m_Name: 
  m_EditorClassIdentifier: 
  m_Material: {fileID: 0}
  m_Color: {r: 1, g: 0, b: 0, a: 1}
  m_RaycastTarget: 1
  m_OnCullStateChanged:
    m_PersistentCalls:
      m_Calls: []
    m_TypeName: UnityEngine.UI.MaskableGraphic+CullStateChangedEvent, UnityEngine.UI,
      Version=1.0.0.0, Culture=neutral, PublicKeyToken=null
  m_FontData:
    m_Font: {fileID: 10102, guid: 0000000000000000e000000000000000, type: 0}
    m_FontSize: 20
    m_FontStyle: 0
    m_BestFit: 1
    m_MinSize: 0
    m_MaxSize: 40
    m_Alignment: 4
    m_AlignByGeometry: 0
    m_RichText: 1
    m_HorizontalOverflow: 0
    m_VerticalOverflow: 0
    m_LineSpacing: 1
  m_Text: Game Over!
--- !u!222 &356873138
CanvasRenderer:
  m_ObjectHideFlags: 0
  m_PrefabParentObject: {fileID: 0}
  m_PrefabInternal: {fileID: 0}
  m_GameObject: {fileID: 356873135}
--- !u!1 &751737580
GameObject:
  m_ObjectHideFlags: 0
  m_PrefabParentObject: {fileID: 0}
  m_PrefabInternal: {fileID: 0}
  serializedVersion: 5
  m_Component:
  - component: {fileID: 751737582}
  - component: {fileID: 751737581}
  m_Layer: 0
  m_Name: sceneLoader
  m_TagString: Untagged
  m_Icon: {fileID: 0}
  m_NavMeshLayer: 0
  m_StaticEditorFlags: 0
  m_IsActive: 1
--- !u!114 &751737581
MonoBehaviour:
  m_ObjectHideFlags: 0
  m_PrefabParentObject: {fileID: 0}
  m_PrefabInternal: {fileID: 0}
  m_GameObject: {fileID: 751737580}
  m_Enabled: 1
  m_EditorHideFlags: 0
  m_Script: {fileID: 11500000, guid: 51c2cf1ee4132924c8e62f4b63003a68, type: 3}
  m_Name: 
  m_EditorClassIdentifier: 
--- !u!4 &751737582
Transform:
  m_ObjectHideFlags: 0
  m_PrefabParentObject: {fileID: 0}
  m_PrefabInternal: {fileID: 0}
  m_GameObject: {fileID: 751737580}
  m_LocalRotation: {x: 0, y: 0, z: 0, w: 1}
  m_LocalPosition: {x: 265.6069, y: 280.1276, z: -9.266287}
  m_LocalScale: {x: 1, y: 1, z: 1}
  m_Children: []
  m_Father: {fileID: 0}
  m_RootOrder: 3
  m_LocalEulerAnglesHint: {x: 0, y: 0, z: 0}
--- !u!213 &815197746
Sprite:
  m_ObjectHideFlags: 0
  m_PrefabParentObject: {fileID: 0}
  m_PrefabInternal: {fileID: 0}
  m_Name: 
  m_Rect:
    serializedVersion: 2
    x: 0
    y: 0
    width: 4
    height: 4
  m_Offset: {x: 0, y: 0}
  m_Border: {x: 0, y: 0, z: 0, w: 0}
  m_PixelsToUnits: 4
  m_Pivot: {x: 0.5, y: 0.5}
  m_Extrude: 0
  m_IsPolygon: 0
  m_AtlasName: 
  m_PackingTag: 
  m_RenderDataKey:
    00000000000000000000000000000000: 0
  m_AtlasTags: []
  m_SpriteAtlas: {fileID: 0}
  m_RD:
    serializedVersion: 2
    texture: {fileID: 0}
    alphaTexture: {fileID: 0}
    m_SubMeshes:
    - serializedVersion: 2
      firstByte: 0
      indexCount: 6
      topology: 0
      baseVertex: 0
      firstVertex: 0
      vertexCount: 4
      localAABB:
        m_Center: {x: 0, y: 0, z: 0}
        m_Extent: {x: 0, y: 0, z: 0}
    m_IndexBuffer: 000001000200020001000300
    m_VertexData:
      m_CurrentChannels: 9
      m_VertexCount: 4
      m_Channels:
      - stream: 0
        offset: 0
        format: 0
        dimension: 3
      - stream: 0
        offset: 0
        format: 0
        dimension: 0
      - stream: 0
        offset: 0
        format: 0
        dimension: 0
      - stream: 0
        offset: 12
        format: 0
        dimension: 2
      - stream: 0
        offset: 0
        format: 0
        dimension: 0
      - stream: 0
        offset: 0
        format: 0
        dimension: 0
      - stream: 0
        offset: 0
        format: 0
        dimension: 0
      - stream: 0
        offset: 0
        format: 0
        dimension: 0
      m_DataSize: 80
      _typelessdata: 000000bf0000003f00000000000000000000803f0000003f0000003f000000000000803f0000803f000000bf000000bf0000000000000000000000000000003f000000bf000000000000803f00000000
    textureRect:
      serializedVersion: 2
      x: 0
      y: 0
      width: 4
      height: 4
    textureRectOffset: {x: 0, y: 0}
    atlasRectOffset: {x: -1, y: -1}
    settingsRaw: 64
    uvTransform: {x: 4, y: 2, z: 4, w: 2}
    downscaleMultiplier: 1
  m_AtlasRD:
    serializedVersion: 2
    texture: {fileID: 0}
    alphaTexture: {fileID: 0}
    m_SubMeshes:
    - serializedVersion: 2
      firstByte: 0
      indexCount: 6
      topology: 0
      baseVertex: 0
      firstVertex: 0
      vertexCount: 4
      localAABB:
        m_Center: {x: 0, y: 0, z: 0}
        m_Extent: {x: 0, y: 0, z: 0}
    m_IndexBuffer: 000001000200020001000300
    m_VertexData:
      m_CurrentChannels: 9
      m_VertexCount: 4
      m_Channels:
      - stream: 0
        offset: 0
        format: 0
        dimension: 3
      - stream: 0
        offset: 0
        format: 0
        dimension: 0
      - stream: 0
        offset: 0
        format: 0
        dimension: 0
      - stream: 0
        offset: 12
        format: 0
        dimension: 2
      - stream: 0
        offset: 0
        format: 0
        dimension: 0
      - stream: 0
        offset: 0
        format: 0
        dimension: 0
      - stream: 0
        offset: 0
        format: 0
        dimension: 0
      - stream: 0
        offset: 0
        format: 0
        dimension: 0
      m_DataSize: 80
      _typelessdata: 000000bf0000003f00000000000000000000803f0000003f0000003f000000000000803f0000803f000000bf000000bf0000000000000000000000000000003f000000bf000000000000803f00000000
    textureRect:
      serializedVersion: 2
      x: 0
      y: 0
      width: 4
      height: 4
    textureRectOffset: {x: 0, y: 0}
    atlasRectOffset: {x: -1, y: -1}
    settingsRaw: 64
    uvTransform: {x: 4, y: 2, z: 4, w: 2}
    downscaleMultiplier: 1
  m_PhysicsShape:
  - - {x: -0.5, y: -0.5}
    - {x: 0.5, y: -0.5}
    - {x: 0.5, y: 0.5}
    - {x: -0.5, y: 0.5}
--- !u!213 &941842491
Sprite:
  m_ObjectHideFlags: 0
  m_PrefabParentObject: {fileID: 0}
  m_PrefabInternal: {fileID: 0}
  m_Name: 
  m_Rect:
    serializedVersion: 2
    x: 0
    y: 0
    width: 4
    height: 4
  m_Offset: {x: 0, y: 0}
  m_Border: {x: 0, y: 0, z: 0, w: 0}
  m_PixelsToUnits: 4
  m_Pivot: {x: 0.5, y: 0.5}
  m_Extrude: 0
  m_IsPolygon: 0
  m_AtlasName: 
  m_PackingTag: 
  m_RenderDataKey:
    00000000000000000000000000000000: 0
  m_AtlasTags: []
  m_SpriteAtlas: {fileID: 0}
  m_RD:
    serializedVersion: 2
    texture: {fileID: 0}
    alphaTexture: {fileID: 0}
    m_SubMeshes:
    - serializedVersion: 2
      firstByte: 0
      indexCount: 6
      topology: 0
      baseVertex: 0
      firstVertex: 0
      vertexCount: 4
      localAABB:
        m_Center: {x: 0, y: 0, z: 0}
        m_Extent: {x: 0, y: 0, z: 0}
    m_IndexBuffer: 000001000200020001000300
    m_VertexData:
      m_CurrentChannels: 9
      m_VertexCount: 4
      m_Channels:
      - stream: 0
        offset: 0
        format: 0
        dimension: 3
      - stream: 0
        offset: 0
        format: 0
        dimension: 0
      - stream: 0
        offset: 0
        format: 0
        dimension: 0
      - stream: 0
        offset: 12
        format: 0
        dimension: 2
      - stream: 0
        offset: 0
        format: 0
        dimension: 0
      - stream: 0
        offset: 0
        format: 0
        dimension: 0
      - stream: 0
        offset: 0
        format: 0
        dimension: 0
      - stream: 0
        offset: 0
        format: 0
        dimension: 0
      m_DataSize: 80
      _typelessdata: 000000bf0000003f00000000000000000000803f0000003f0000003f000000000000803f0000803f000000bf000000bf0000000000000000000000000000003f000000bf000000000000803f00000000
    textureRect:
      serializedVersion: 2
      x: 0
      y: 0
      width: 4
      height: 4
    textureRectOffset: {x: 0, y: 0}
    atlasRectOffset: {x: -1, y: -1}
    settingsRaw: 64
    uvTransform: {x: 4, y: 2, z: 4, w: 2}
    downscaleMultiplier: 1
  m_AtlasRD:
    serializedVersion: 2
    texture: {fileID: 0}
    alphaTexture: {fileID: 0}
    m_SubMeshes:
    - serializedVersion: 2
      firstByte: 0
      indexCount: 6
      topology: 0
      baseVertex: 0
      firstVertex: 0
      vertexCount: 4
      localAABB:
        m_Center: {x: 0, y: 0, z: 0}
        m_Extent: {x: 0, y: 0, z: 0}
    m_IndexBuffer: 000001000200020001000300
    m_VertexData:
      m_CurrentChannels: 9
      m_VertexCount: 4
      m_Channels:
      - stream: 0
        offset: 0
        format: 0
        dimension: 3
      - stream: 0
        offset: 0
        format: 0
        dimension: 0
      - stream: 0
        offset: 0
        format: 0
        dimension: 0
      - stream: 0
        offset: 12
        format: 0
        dimension: 2
      - stream: 0
        offset: 0
        format: 0
        dimension: 0
      - stream: 0
        offset: 0
        format: 0
        dimension: 0
      - stream: 0
        offset: 0
        format: 0
        dimension: 0
      - stream: 0
        offset: 0
        format: 0
        dimension: 0
      m_DataSize: 80
      _typelessdata: 000000bf0000003f00000000000000000000803f0000003f0000003f000000000000803f0000803f000000bf000000bf0000000000000000000000000000003f000000bf000000000000803f00000000
    textureRect:
      serializedVersion: 2
      x: 0
      y: 0
      width: 4
      height: 4
    textureRectOffset: {x: 0, y: 0}
    atlasRectOffset: {x: -1, y: -1}
    settingsRaw: 64
    uvTransform: {x: 4, y: 2, z: 4, w: 2}
    downscaleMultiplier: 1
  m_PhysicsShape:
  - - {x: -0.5, y: -0.5}
    - {x: 0.5, y: -0.5}
    - {x: 0.5, y: 0.5}
    - {x: -0.5, y: 0.5}
--- !u!213 &1088193111
Sprite:
  m_ObjectHideFlags: 0
  m_PrefabParentObject: {fileID: 0}
  m_PrefabInternal: {fileID: 0}
  m_Name: 
  m_Rect:
    serializedVersion: 2
    x: 0
    y: 0
    width: 4
    height: 4
  m_Offset: {x: 0, y: 0}
  m_Border: {x: 0, y: 0, z: 0, w: 0}
  m_PixelsToUnits: 4
  m_Pivot: {x: 0.5, y: 0.5}
  m_Extrude: 0
  m_IsPolygon: 0
  m_AtlasName: 
  m_PackingTag: 
  m_RenderDataKey:
    00000000000000000000000000000000: 0
  m_AtlasTags: []
  m_SpriteAtlas: {fileID: 0}
  m_RD:
    serializedVersion: 2
    texture: {fileID: 0}
    alphaTexture: {fileID: 0}
    m_SubMeshes:
    - serializedVersion: 2
      firstByte: 0
      indexCount: 6
      topology: 0
      baseVertex: 0
      firstVertex: 0
      vertexCount: 4
      localAABB:
        m_Center: {x: 0, y: 0, z: 0}
        m_Extent: {x: 0, y: 0, z: 0}
    m_IndexBuffer: 000001000200020001000300
    m_VertexData:
      m_CurrentChannels: 9
      m_VertexCount: 4
      m_Channels:
      - stream: 0
        offset: 0
        format: 0
        dimension: 3
      - stream: 0
        offset: 0
        format: 0
        dimension: 0
      - stream: 0
        offset: 0
        format: 0
        dimension: 0
      - stream: 0
        offset: 12
        format: 0
        dimension: 2
      - stream: 0
        offset: 0
        format: 0
        dimension: 0
      - stream: 0
        offset: 0
        format: 0
        dimension: 0
      - stream: 0
        offset: 0
        format: 0
        dimension: 0
      - stream: 0
        offset: 0
        format: 0
        dimension: 0
      m_DataSize: 80
      _typelessdata: 000000bf0000003f00000000000000000000803f0000003f0000003f000000000000803f0000803f000000bf000000bf0000000000000000000000000000003f000000bf000000000000803f00000000
    textureRect:
      serializedVersion: 2
      x: 0
      y: 0
      width: 4
      height: 4
    textureRectOffset: {x: 0, y: 0}
    atlasRectOffset: {x: -1, y: -1}
    settingsRaw: 64
    uvTransform: {x: 4, y: 2, z: 4, w: 2}
    downscaleMultiplier: 1
  m_AtlasRD:
    serializedVersion: 2
    texture: {fileID: 0}
    alphaTexture: {fileID: 0}
    m_SubMeshes:
    - serializedVersion: 2
      firstByte: 0
      indexCount: 6
      topology: 0
      baseVertex: 0
      firstVertex: 0
      vertexCount: 4
      localAABB:
        m_Center: {x: 0, y: 0, z: 0}
        m_Extent: {x: 0, y: 0, z: 0}
    m_IndexBuffer: 000001000200020001000300
    m_VertexData:
      m_CurrentChannels: 9
      m_VertexCount: 4
      m_Channels:
      - stream: 0
        offset: 0
        format: 0
        dimension: 3
      - stream: 0
        offset: 0
        format: 0
        dimension: 0
      - stream: 0
        offset: 0
        format: 0
        dimension: 0
      - stream: 0
        offset: 12
        format: 0
        dimension: 2
      - stream: 0
        offset: 0
        format: 0
        dimension: 0
      - stream: 0
        offset: 0
        format: 0
        dimension: 0
      - stream: 0
        offset: 0
        format: 0
        dimension: 0
      - stream: 0
        offset: 0
        format: 0
        dimension: 0
      m_DataSize: 80
      _typelessdata: 000000bf0000003f00000000000000000000803f0000003f0000003f000000000000803f0000803f000000bf000000bf0000000000000000000000000000003f000000bf000000000000803f00000000
    textureRect:
      serializedVersion: 2
      x: 0
      y: 0
      width: 4
      height: 4
    textureRectOffset: {x: 0, y: 0}
    atlasRectOffset: {x: -1, y: -1}
    settingsRaw: 64
    uvTransform: {x: 4, y: 2, z: 4, w: 2}
    downscaleMultiplier: 1
  m_PhysicsShape:
  - - {x: -0.5, y: -0.5}
    - {x: 0.5, y: -0.5}
    - {x: 0.5, y: 0.5}
    - {x: -0.5, y: 0.5}
--- !u!1 &1156998745
GameObject:
  m_ObjectHideFlags: 0
  m_PrefabParentObject: {fileID: 0}
  m_PrefabInternal: {fileID: 0}
  serializedVersion: 5
  m_Component:
  - component: {fileID: 1156998746}
  - component: {fileID: 1156998748}
  - component: {fileID: 1156998747}
  m_Layer: 5
  m_Name: Text
  m_TagString: Untagged
  m_Icon: {fileID: 0}
  m_NavMeshLayer: 0
  m_StaticEditorFlags: 0
  m_IsActive: 1
--- !u!224 &1156998746
RectTransform:
  m_ObjectHideFlags: 0
  m_PrefabParentObject: {fileID: 0}
  m_PrefabInternal: {fileID: 0}
  m_GameObject: {fileID: 1156998745}
  m_LocalRotation: {x: 0, y: 0, z: 0, w: 1}
  m_LocalPosition: {x: 0, y: 0, z: 0}
  m_LocalScale: {x: 1, y: 1, z: 1}
  m_Children: []
  m_Father: {fileID: 1440982769}
  m_RootOrder: 0
  m_LocalEulerAnglesHint: {x: 0, y: 0, z: 0}
  m_AnchorMin: {x: 0, y: 0}
  m_AnchorMax: {x: 1, y: 1}
  m_AnchoredPosition: {x: 0, y: 0}
  m_SizeDelta: {x: 0, y: 0}
  m_Pivot: {x: 0.5, y: 0.5}
--- !u!114 &1156998747
MonoBehaviour:
  m_ObjectHideFlags: 0
  m_PrefabParentObject: {fileID: 0}
  m_PrefabInternal: {fileID: 0}
  m_GameObject: {fileID: 1156998745}
  m_Enabled: 1
  m_EditorHideFlags: 0
  m_Script: {fileID: 708705254, guid: f70555f144d8491a825f0804e09c671c, type: 3}
  m_Name: 
  m_EditorClassIdentifier: 
  m_Material: {fileID: 0}
  m_Color: {r: 0.19607843, g: 0.19607843, b: 0.19607843, a: 1}
  m_RaycastTarget: 1
  m_OnCullStateChanged:
    m_PersistentCalls:
      m_Calls: []
    m_TypeName: UnityEngine.UI.MaskableGraphic+CullStateChangedEvent, UnityEngine.UI,
      Version=1.0.0.0, Culture=neutral, PublicKeyToken=null
  m_FontData:
    m_Font: {fileID: 10102, guid: 0000000000000000e000000000000000, type: 0}
    m_FontSize: 14
    m_FontStyle: 0
    m_BestFit: 0
    m_MinSize: 10
    m_MaxSize: 40
    m_Alignment: 4
    m_AlignByGeometry: 0
    m_RichText: 1
    m_HorizontalOverflow: 0
    m_VerticalOverflow: 0
    m_LineSpacing: 1
  m_Text: Return to Main Menu
--- !u!222 &1156998748
CanvasRenderer:
  m_ObjectHideFlags: 0
  m_PrefabParentObject: {fileID: 0}
  m_PrefabInternal: {fileID: 0}
  m_GameObject: {fileID: 1156998745}
--- !u!1 &1298898200
GameObject:
  m_ObjectHideFlags: 0
  m_PrefabParentObject: {fileID: 0}
  m_PrefabInternal: {fileID: 0}
  serializedVersion: 5
  m_Component:
  - component: {fileID: 1298898204}
  - component: {fileID: 1298898203}
  - component: {fileID: 1298898202}
  - component: {fileID: 1298898201}
  m_Layer: 0
  m_Name: Main Camera
  m_TagString: MainCamera
  m_Icon: {fileID: 0}
  m_NavMeshLayer: 0
  m_StaticEditorFlags: 0
  m_IsActive: 1
--- !u!81 &1298898201
AudioListener:
  m_ObjectHideFlags: 0
  m_PrefabParentObject: {fileID: 0}
  m_PrefabInternal: {fileID: 0}
  m_GameObject: {fileID: 1298898200}
  m_Enabled: 1
--- !u!124 &1298898202
Behaviour:
  m_ObjectHideFlags: 0
  m_PrefabParentObject: {fileID: 0}
  m_PrefabInternal: {fileID: 0}
  m_GameObject: {fileID: 1298898200}
  m_Enabled: 1
--- !u!20 &1298898203
Camera:
  m_ObjectHideFlags: 0
  m_PrefabParentObject: {fileID: 0}
  m_PrefabInternal: {fileID: 0}
  m_GameObject: {fileID: 1298898200}
  m_Enabled: 1
  serializedVersion: 2
  m_ClearFlags: 1
  m_BackGroundColor: {r: 0.19215687, g: 0.3019608, b: 0.4745098, a: 0}
  m_NormalizedViewPortRect:
    serializedVersion: 2
    x: 0
    y: 0
    width: 1
    height: 1
  near clip plane: 0.3
  far clip plane: 1000
  field of view: 60
  orthographic: 1
  orthographic size: 5
  m_Depth: -1
  m_CullingMask:
    serializedVersion: 2
    m_Bits: 4294967295
  m_RenderingPath: -1
  m_TargetTexture: {fileID: 0}
  m_TargetDisplay: 0
  m_TargetEye: 3
  m_HDR: 1
  m_AllowMSAA: 1
  m_AllowDynamicResolution: 0
  m_ForceIntoRT: 0
  m_OcclusionCulling: 1
  m_StereoConvergence: 10
  m_StereoSeparation: 0.022
--- !u!4 &1298898204
Transform:
  m_ObjectHideFlags: 0
  m_PrefabParentObject: {fileID: 0}
  m_PrefabInternal: {fileID: 0}
  m_GameObject: {fileID: 1298898200}
  m_LocalRotation: {x: 0, y: 0, z: 0, w: 1}
  m_LocalPosition: {x: 0, y: 0, z: -10}
  m_LocalScale: {x: 1, y: 1, z: 1}
  m_Children: []
  m_Father: {fileID: 0}
  m_RootOrder: 0
  m_LocalEulerAnglesHint: {x: 0, y: 0, z: 0}
--- !u!114 &1333328338
MonoBehaviour:
  m_ObjectHideFlags: 0
  m_PrefabParentObject: {fileID: 0}
  m_PrefabInternal: {fileID: 0}
  m_GameObject: {fileID: 0}
  m_Enabled: 1
  m_EditorHideFlags: 1
  m_Script: {fileID: 13312, guid: 0000000000000000e000000000000000, type: 0}
  m_Name: 
  m_EditorClassIdentifier: 
  m_Sprite: {fileID: 1600777312}
  m_Color: {r: 0.8550656, g: 0.56997764, b: 0.57676107, a: 1}
  m_Transform:
    e00: 1
    e01: 0
    e02: 0
    e03: 0
    e10: 0
    e11: 1
    e12: 0
    e13: 0
    e20: 0
    e21: 0
    e22: 1
    e23: 0
    e30: 0
    e31: 0
    e32: 0
    e33: 1
  m_InstancedGameObject: {fileID: 0}
  m_Flags: 3
  m_ColliderType: 1
--- !u!1 &1440982768
GameObject:
  m_ObjectHideFlags: 0
  m_PrefabParentObject: {fileID: 0}
  m_PrefabInternal: {fileID: 0}
  serializedVersion: 5
  m_Component:
  - component: {fileID: 1440982769}
  - component: {fileID: 1440982772}
  - component: {fileID: 1440982771}
  - component: {fileID: 1440982770}
  m_Layer: 5
  m_Name: Button
  m_TagString: Untagged
  m_Icon: {fileID: 0}
  m_NavMeshLayer: 0
  m_StaticEditorFlags: 0
  m_IsActive: 1
--- !u!224 &1440982769
RectTransform:
  m_ObjectHideFlags: 0
  m_PrefabParentObject: {fileID: 0}
  m_PrefabInternal: {fileID: 0}
  m_GameObject: {fileID: 1440982768}
  m_LocalRotation: {x: 0, y: 0, z: 0, w: 1}
  m_LocalPosition: {x: 0, y: 0, z: 0}
  m_LocalScale: {x: 1, y: 1, z: 1}
  m_Children:
  - {fileID: 1156998746}
  m_Father: {fileID: 340391392}
  m_RootOrder: 1
  m_LocalEulerAnglesHint: {x: 0, y: 0, z: 0}
  m_AnchorMin: {x: 0.5, y: 0.5}
  m_AnchorMax: {x: 0.5, y: 0.5}
  m_AnchoredPosition: {x: 0, y: 0}
  m_SizeDelta: {x: 160, y: 30}
  m_Pivot: {x: 0.5, y: 0.5}
--- !u!114 &1440982770
MonoBehaviour:
  m_ObjectHideFlags: 0
  m_PrefabParentObject: {fileID: 0}
  m_PrefabInternal: {fileID: 0}
  m_GameObject: {fileID: 1440982768}
  m_Enabled: 1
  m_EditorHideFlags: 0
  m_Script: {fileID: 1392445389, guid: f70555f144d8491a825f0804e09c671c, type: 3}
  m_Name: 
  m_EditorClassIdentifier: 
  m_Navigation:
    m_Mode: 3
    m_SelectOnUp: {fileID: 0}
    m_SelectOnDown: {fileID: 0}
    m_SelectOnLeft: {fileID: 0}
    m_SelectOnRight: {fileID: 0}
  m_Transition: 1
  m_Colors:
    m_NormalColor: {r: 1, g: 1, b: 1, a: 1}
    m_HighlightedColor: {r: 0.9607843, g: 0.9607843, b: 0.9607843, a: 1}
    m_PressedColor: {r: 0.78431374, g: 0.78431374, b: 0.78431374, a: 1}
    m_DisabledColor: {r: 0.78431374, g: 0.78431374, b: 0.78431374, a: 0.5019608}
    m_ColorMultiplier: 1
    m_FadeDuration: 0.1
  m_SpriteState:
    m_HighlightedSprite: {fileID: 0}
    m_PressedSprite: {fileID: 0}
    m_DisabledSprite: {fileID: 0}
  m_AnimationTriggers:
    m_NormalTrigger: Normal
    m_HighlightedTrigger: Highlighted
    m_PressedTrigger: Pressed
    m_DisabledTrigger: Disabled
  m_Interactable: 1
  m_TargetGraphic: {fileID: 1440982771}
  m_OnClick:
    m_PersistentCalls:
      m_Calls:
      - m_Target: {fileID: 751737581}
        m_MethodName: SceneLoad
        m_Mode: 3
        m_Arguments:
          m_ObjectArgument: {fileID: 0}
          m_ObjectArgumentAssemblyTypeName: UnityEngine.Object, UnityEngine
          m_IntArgument: 0
          m_FloatArgument: 0
          m_StringArgument: 
          m_BoolArgument: 0
        m_CallState: 2
    m_TypeName: UnityEngine.UI.Button+ButtonClickedEvent, UnityEngine.UI, Version=1.0.0.0,
      Culture=neutral, PublicKeyToken=null
--- !u!114 &1440982771
MonoBehaviour:
  m_ObjectHideFlags: 0
  m_PrefabParentObject: {fileID: 0}
  m_PrefabInternal: {fileID: 0}
  m_GameObject: {fileID: 1440982768}
  m_Enabled: 1
  m_EditorHideFlags: 0
  m_Script: {fileID: -765806418, guid: f70555f144d8491a825f0804e09c671c, type: 3}
  m_Name: 
  m_EditorClassIdentifier: 
  m_Material: {fileID: 0}
  m_Color: {r: 1, g: 0, b: 0, a: 1}
  m_RaycastTarget: 1
  m_OnCullStateChanged:
    m_PersistentCalls:
      m_Calls: []
    m_TypeName: UnityEngine.UI.MaskableGraphic+CullStateChangedEvent, UnityEngine.UI,
      Version=1.0.0.0, Culture=neutral, PublicKeyToken=null
  m_Sprite: {fileID: 10905, guid: 0000000000000000f000000000000000, type: 0}
  m_Type: 1
  m_PreserveAspect: 0
  m_FillCenter: 1
  m_FillMethod: 4
  m_FillAmount: 1
  m_FillClockwise: 1
  m_FillOrigin: 0
--- !u!222 &1440982772
CanvasRenderer:
  m_ObjectHideFlags: 0
  m_PrefabParentObject: {fileID: 0}
  m_PrefabInternal: {fileID: 0}
  m_GameObject: {fileID: 1440982768}
--- !u!114 &1477017281
MonoBehaviour:
  m_ObjectHideFlags: 0
  m_PrefabParentObject: {fileID: 0}
  m_PrefabInternal: {fileID: 0}
  m_GameObject: {fileID: 0}
  m_Enabled: 1
  m_EditorHideFlags: 1
  m_Script: {fileID: 13312, guid: 0000000000000000e000000000000000, type: 0}
  m_Name: 
  m_EditorClassIdentifier: 
  m_Sprite: {fileID: 815197746}
  m_Color: {r: 0.90539795, g: 0.5659794, b: 0.6302084, a: 1}
  m_Transform:
    e00: 1
    e01: 0
    e02: 0
    e03: 0
    e10: 0
    e11: 1
    e12: 0
    e13: 0
    e20: 0
    e21: 0
    e22: 1
    e23: 0
    e30: 0
    e31: 0
    e32: 0
    e33: 1
  m_InstancedGameObject: {fileID: 0}
  m_Flags: 3
  m_ColliderType: 1
--- !u!114 &1600263346
MonoBehaviour:
  m_ObjectHideFlags: 0
  m_PrefabParentObject: {fileID: 0}
  m_PrefabInternal: {fileID: 0}
  m_GameObject: {fileID: 0}
  m_Enabled: 1
  m_EditorHideFlags: 1
  m_Script: {fileID: 13312, guid: 0000000000000000e000000000000000, type: 0}
  m_Name: 
  m_EditorClassIdentifier: 
  m_Sprite: {fileID: 941842491}
  m_Color: {r: 0.92877406, g: 0.5940433, b: 0.6208511, a: 1}
  m_Transform:
    e00: 1
    e01: 0
    e02: 0
    e03: 0
    e10: 0
    e11: 1
    e12: 0
    e13: 0
    e20: 0
    e21: 0
    e22: 1
    e23: 0
    e30: 0
    e31: 0
    e32: 0
    e33: 1
  m_InstancedGameObject: {fileID: 0}
  m_Flags: 3
  m_ColliderType: 1
--- !u!213 &1600777312
Sprite:
  m_ObjectHideFlags: 0
  m_PrefabParentObject: {fileID: 0}
  m_PrefabInternal: {fileID: 0}
  m_Name: 
  m_Rect:
    serializedVersion: 2
    x: 0
    y: 0
    width: 4
    height: 4
  m_Offset: {x: 0, y: 0}
  m_Border: {x: 0, y: 0, z: 0, w: 0}
  m_PixelsToUnits: 4
  m_Pivot: {x: 0.5, y: 0.5}
  m_Extrude: 0
  m_IsPolygon: 0
  m_AtlasName: 
  m_PackingTag: 
  m_RenderDataKey:
    00000000000000000000000000000000: 0
  m_AtlasTags: []
  m_SpriteAtlas: {fileID: 0}
  m_RD:
    serializedVersion: 2
    texture: {fileID: 0}
    alphaTexture: {fileID: 0}
    m_SubMeshes:
    - serializedVersion: 2
      firstByte: 0
      indexCount: 6
      topology: 0
      baseVertex: 0
      firstVertex: 0
      vertexCount: 4
      localAABB:
        m_Center: {x: 0, y: 0, z: 0}
        m_Extent: {x: 0, y: 0, z: 0}
    m_IndexBuffer: 000001000200020001000300
    m_VertexData:
      m_CurrentChannels: 9
      m_VertexCount: 4
      m_Channels:
      - stream: 0
        offset: 0
        format: 0
        dimension: 3
      - stream: 0
        offset: 0
        format: 0
        dimension: 0
      - stream: 0
        offset: 0
        format: 0
        dimension: 0
      - stream: 0
        offset: 12
        format: 0
        dimension: 2
      - stream: 0
        offset: 0
        format: 0
        dimension: 0
      - stream: 0
        offset: 0
        format: 0
        dimension: 0
      - stream: 0
        offset: 0
        format: 0
        dimension: 0
      - stream: 0
        offset: 0
        format: 0
        dimension: 0
      m_DataSize: 80
      _typelessdata: 000000bf0000003f00000000000000000000803f0000003f0000003f000000000000803f0000803f000000bf000000bf0000000000000000000000000000003f000000bf000000000000803f00000000
    textureRect:
      serializedVersion: 2
      x: 0
      y: 0
      width: 4
      height: 4
    textureRectOffset: {x: 0, y: 0}
    atlasRectOffset: {x: -1, y: -1}
    settingsRaw: 64
    uvTransform: {x: 4, y: 2, z: 4, w: 2}
    downscaleMultiplier: 1
  m_AtlasRD:
    serializedVersion: 2
    texture: {fileID: 0}
    alphaTexture: {fileID: 0}
    m_SubMeshes:
    - serializedVersion: 2
      firstByte: 0
      indexCount: 6
      topology: 0
      baseVertex: 0
      firstVertex: 0
      vertexCount: 4
      localAABB:
        m_Center: {x: 0, y: 0, z: 0}
        m_Extent: {x: 0, y: 0, z: 0}
    m_IndexBuffer: 000001000200020001000300
    m_VertexData:
      m_CurrentChannels: 9
      m_VertexCount: 4
      m_Channels:
      - stream: 0
        offset: 0
        format: 0
        dimension: 3
      - stream: 0
        offset: 0
        format: 0
        dimension: 0
      - stream: 0
        offset: 0
        format: 0
        dimension: 0
      - stream: 0
        offset: 12
        format: 0
        dimension: 2
      - stream: 0
        offset: 0
        format: 0
        dimension: 0
      - stream: 0
        offset: 0
        format: 0
        dimension: 0
      - stream: 0
        offset: 0
        format: 0
        dimension: 0
      - stream: 0
        offset: 0
        format: 0
        dimension: 0
      m_DataSize: 80
      _typelessdata: 000000bf0000003f00000000000000000000803f0000003f0000003f000000000000803f0000803f000000bf000000bf0000000000000000000000000000003f000000bf000000000000803f00000000
    textureRect:
      serializedVersion: 2
      x: 0
      y: 0
      width: 4
      height: 4
    textureRectOffset: {x: 0, y: 0}
    atlasRectOffset: {x: -1, y: -1}
    settingsRaw: 64
    uvTransform: {x: 4, y: 2, z: 4, w: 2}
    downscaleMultiplier: 1
  m_PhysicsShape:
  - - {x: -0.5, y: -0.5}
    - {x: 0.5, y: -0.5}
    - {x: 0.5, y: 0.5}
    - {x: -0.5, y: 0.5}
--- !u!114 &2095288749
MonoBehaviour:
  m_ObjectHideFlags: 0
  m_PrefabParentObject: {fileID: 0}
  m_PrefabInternal: {fileID: 0}
  m_GameObject: {fileID: 0}
  m_Enabled: 1
  m_EditorHideFlags: 1
  m_Script: {fileID: 13312, guid: 0000000000000000e000000000000000, type: 0}
  m_Name: 
  m_EditorClassIdentifier: 
  m_Sprite: {fileID: 1088193111}
  m_Color: {r: 0.9703559, g: 0.5988986, b: 0.6276241, a: 1}
  m_Transform:
    e00: 1
    e01: 0
    e02: 0
    e03: 0
    e10: 0
    e11: 1
    e12: 0
    e13: 0
    e20: 0
    e21: 0
    e22: 1
    e23: 0
    e30: 0
    e31: 0
    e32: 0
    e33: 1
  m_InstancedGameObject: {fileID: 0}
  m_Flags: 3
  m_ColliderType: 1
